@book{smith1827inquiry,
  title={An Inquiry into the Nature and Causes of the Wealth of Nations},
  author={Smith, Adam},
  number={25202},
  year={1827},
  publisher={Printed at the University Press for T. Nelson and P. Brown}
}
